@article{chandola2009anomaly,
	title={Anomaly detection: A survey},
	author={Chandola, Varun and Banerjee, Arindam and Kumar, Vipin},
	journal={ACM computing surveys (CSUR)},
	volume={41},
	number={3},
	pages={15},
	year={2009},
	publisher={ACM}
}

@book{harvey1990forecasting,
  title={Forecasting, structural time series models and the Kalman filter},
  author={Harvey, Andrew C},
  year={1990},
  publisher={Cambridge university press}
}

@book{das1994time,
  title={Time series analysis},
  author={Das, Samarjit},
  year={1994},
  publisher={Princeton University Press, Princeton, NJ}
}

@book{brockwell2002introduction,
  title={Introduction to time series and forecasting},
  author={Brockwell, Peter J and Davis, Richard A and Calder, Matthew V},
  volume={2},
  year={2002},
  publisher={Springer}
}

@article{chandola2012anomaly,
  title={Anomaly detection for discrete sequences: A survey},
  author={Chandola, Varun and Banerjee, Arindam and Kumar, Vipin},
  journal={IEEE Transactions on Knowledge and Data Engineering},
  volume={24},
  number={5},
  pages={823--839},
  year={2012},
  publisher={IEEE}
}

@article{chandola2008comparing,
  title={Comparing anomaly detection techniques for sequence data},
  author={Chandola, V and Mithal, V and Kumar, V},
  journal={Technical Report 08-021},
  year={2008}
}

@article{gupta2014outlier,
  title={Outlier detection for temporal data: A survey},
  author={Gupta, Manish and Gao, Jing and Aggarwal, Charu C and Han, Jiawei},
  journal={IEEE Transactions on Knowledge and Data Engineering},
  volume={26},
  number={9},
  pages={2250--2267},
  year={2014},
  publisher={IEEE}
}

@inproceedings{teng1990adaptive,
  title={Adaptive real-time anomaly detection using inductively generated sequential patterns},
  author={Teng, Henry S and Chen, Kaihu and Lu, Stephen C},
  booktitle={Proceedings. 1990 IEEE Computer Society Symposium on Research in Security and Privacy},
  pages={278--284},
  year={1990},
  organization={IEEE}
}

@article{mehra1971innovations,
  title={An innovations approach to fault detection and diagnosis in dynamic systems},
  author={Mehra, Raman K and Peschon, J},
  journal={Automatica},
  volume={7},
  number={5},
  pages={637--640},
  year={1971},
  publisher={Elsevier}
}

@book{rousseeuw2005robust,
  title={Robust regression and outlier detection},
  author={Rousseeuw, Peter J and Leroy, Annick M},
  volume={589},
  year={2005},
  publisher={John wiley \& sons}
}

@article{markou2003noveltyA,
  title={Novelty detection: a review—part 1: statistical approaches},
  author={Markou, Markos and Singh, Sameer},
  journal={Signal processing},
  volume={83},
  number={12},
  pages={2481--2497},
  year={2003},
  publisher={Elsevier}
}

@article{markou2003noveltyB,
  title={Novelty detection: a review—part 2: neural network based approaches},
  author={Markou, Markos and Singh, Sameer},
  journal={Signal processing},
  volume={83},
  number={12},
  pages={2499--2521},
  year={2003},
  publisher={Elsevier}
}

@article{hoadley1971asymptotic,
  title={Asymptotic properties of maximum likelihood estimators for the independent not identically distributed case},
  author={Hoadley, Bruce},
  journal={The Annals of mathematical statistics},
  pages={1977--1991},
  year={1971},
  publisher={JSTOR}
}

@article{song2007conditional,
  title={Conditional anomaly detection},
  author={Song, Xiuyao and Wu, Mingxi and Jermaine, Christopher and Ranka, Sanjay},
  journal={IEEE Trans. Knowl. Data Eng.},
  volume={19},
  number={5},
  pages={631--645},
  year={2007}
}

@book{tan2018introduction,
  title={Introduction to data mining},
  author={Tan, Pang-Ning},
  year={2018},
  publisher={Pearson Education India}
}

@article{ranshous2015anomaly,
  title={Anomaly detection in dynamic networks: a survey},
  author={Ranshous, Stephen and Shen, Shitian and Koutra, Danai and Harenberg, Steve and Faloutsos, Christos and Samatova, Nagiza F},
  journal={Wiley Interdisciplinary Reviews: Computational Statistics},
  volume={7},
  number={3},
  pages={223--247},
  year={2015},
  publisher={Wiley Online Library}
}

@inproceedings{aleskerov1997cardwatch,
  title={Cardwatch: A neural network based database mining system for credit card fraud detection},
  author={Aleskerov, Emin and Freisleben, Bernd and Rao, Bharat},
  booktitle={Proceedings of the IEEE/IAFE 1997 computational intelligence for financial engineering (CIFEr)},
  pages={220--226},
  year={1997},
  organization={IEEE}
}

@inproceedings{spence2001detection,
  title={Detection, synthesis and compression in mammographic image analysis with a hierarchical image probability model},
  author={Spence, Clay and Parra, Lucas and Sajda, Paul},
  booktitle={Proceedings IEEE Workshop on Mathematical Methods in Biomedical Image Analysis (MMBIA 2001)},
  pages={3--10},
  year={2001},
  organization={IEEE}
}

@inproceedings{barford2002signal,
  title={A signal analysis of network traffic anomalies},
  author={Barford, Paul and Kline, Jeffery and Plonka, David and Ron, Amos},
  booktitle={Proceedings of the 2nd ACM SIGCOMM Workshop on Internet measurment},
  pages={71--82},
  year={2002},
  organization={ACM}
}

@article{hodge2004survey,
  title={A survey of outlier detection methodologies},
  author={Hodge, Victoria and Austin, Jim},
  journal={Artificial intelligence review},
  volume={22},
  number={2},
  pages={85--126},
  year={2004},
  publisher={Springer}
}


@article{barber2010graphical,
  title={Graphical models for time-series},
  author={Barber, David and Cemgil, A Taylan},
  journal={IEEE Signal Processing Magazine},
  volume={27},
  number={6},
  pages={18--28},
  year={2010},
  publisher={IEEE}
}

@book{barber2012bayesian,
  title={Bayesian reasoning and machine learning},
  author={Barber, David},
  year={2012},
  publisher={Cambridge University Press}
}

@article{rauch1965maximum,
  title={Maximum likelihood estimates of linear dynamic systems},
  author={Rauch, Herbert E and Striebel, CT and Tung, F},
  journal={AIAA journal},
  volume={3},
  number={8},
  pages={1445--1450},
  year={1965}
}

@article{rabiner1989tutorial,
  title={A tutorial on hidden Markov models and selected applications in speech recognition},
  author={Rabiner, Lawrence R},
  journal={Proceedings of the IEEE},
  volume={77},
  number={2},
  pages={257--286},
  year={1989},
  publisher={Ieee}
}

@article{forney1973viterbi,
  title={The viterbi algorithm},
  author={Forney, G David},
  journal={Proceedings of the IEEE},
  volume={61},
  number={3},
  pages={268--278},
  year={1973},
  publisher={IEEE}
}

@article{viterbi1967error,
  title={Error bounds for convolutional codes and an asymptotically optimum decoding algorithm},
  author={Viterbi, Andrew},
  journal={IEEE transactions on Information Theory},
  volume={13},
  number={2},
  pages={260--269},
  year={1967},
  publisher={IEEE}
}

@article{levinson1946wiener,
  title={The Wiener (root mean square) error criterion in filter design and prediction},
  author={Levinson, Norman},
  journal={Journal of Mathematics and Physics},
  volume={25},
  number={1-4},
  pages={261--278},
  year={1946},
  publisher={Wiley Online Library}
}

@book{barber2011bayesian,
  title={Bayesian time series models},
  author={Barber, David and Cemgil, A Taylan and Chiappa, Silvia},
  year={2011},
  publisher={Cambridge University Press}
}

@article{tu2015derivation,
  title={Derivation of Baum-Welch Algorithm for Hidden Markov Models},
  author={Tu, Stephen},
  year={2015},
  publisher={Citeseer},
  journal={Citeseer}
}

@book{bishop2006pattern,
  title={Pattern recognition and machine learning},
  author={Bishop, Christopher M},
  year={2006},
  publisher={springer}
}

@article{dempster1977maximum,
  title={Maximum likelihood from incomplete data via the EM algorithm},
  author={Dempster, Arthur P and Laird, Nan M and Rubin, Donald B},
  journal={Journal of the Royal Statistical Society: Series B (Methodological)},
  volume={39},
  number={1},
  pages={1--22},
  year={1977},
  publisher={Wiley Online Library}
}

@article{kullback1951information,
  title={On information and sufficiency},
  author={Kullback, Solomon and Leibler, Richard A},
  journal={The annals of mathematical statistics},
  volume={22},
  number={1},
  pages={79--86},
  year={1951},
  publisher={JSTOR}
}

@incollection{graves2012supervised,
  title={Supervised sequence labelling},
  author={Graves, Alex},
  booktitle={Supervised sequence labelling with recurrent neural networks},
  pages={5--13},
  year={2012},
  publisher={Springer}
}

@book{goodfellow2016deep,
	title={Deep learning},
	author={Goodfellow, Ian and Bengio, Yoshua and Courville, Aaron and Bengio, Yoshua},
	volume={1},
	year={2016},
	publisher={MIT press Cambridge}
}

@article{greff2017lstm,
	title={LSTM: A search space odyssey},
	author={Greff, Klaus and Srivastava, Rupesh K and Koutn{\'\i}k, Jan and Steunebrink, Bas R and Schmidhuber, J{\"u}rgen},
	journal={IEEE transactions on neural networks and learning systems},
	volume={28},
	number={10},
	pages={2222--2232},
	year={2017},
	publisher={IEEE}
}

@article{werbos1990backpropagation,
  title={Backpropagation through time: what it does and how to do it},
  author={Werbos, Paul J and others},
  journal={Proceedings of the IEEE},
  volume={78},
  number={10},
  pages={1550--1560},
  year={1990}
}

@article{gauvain1994maximum,
  title={Maximum a posteriori estimation for multivariate Gaussian mixture observations of Markov chains},
  author={Gauvain, Jean-Luc and Lee, Chin-Hui},
  journal={IEEE transactions on speech and audio processing},
  volume={2},
  number={2},
  pages={291--298},
  year={1994}
}

@article{olah2015understanding,
	title={Understanding lstm networks},
	author={Olah, Christopher},
	journal={http://colah.github.io/posts/2015-08-Understanding-LSTMs},
	year={2015}
}

@article{hochreiter1997long,
  title={Long short-term memory},
  author={Hochreiter, Sepp and Schmidhuber, J{\"u}rgen},
  journal={Neural computation},
  volume={9},
  number={8},
  pages={1735--1780},
  year={1997},
  publisher={MIT Press}
}

@inproceedings{saxena2008damage,
  title={Damage propagation modeling for aircraft engine run-to-failure simulation},
  author={Saxena, Abhinav and Goebel, Kai and Simon, Don and Eklund, Neil},
  booktitle={2008 international conference on prognostics and health management},
  pages={1--9},
  year={2008},
  organization={IEEE}
}

@article{bao2018remaining,
  title={Remaining Useful Life Estimation of Aero-Engines with Self-Joint Prediction of Continuous and Discrete States},
  author={Bao, Rong-Jing and Rong, Hai-Jun and Yang, Zhi-Xin and Chen, Badong},
  journal={arXiv preprint arXiv:1807.06093},
  year={2018}
}

@article{hochreiter1998vanishing,
  title={The vanishing gradient problem during learning recurrent neural nets and problem solutions},
  author={Hochreiter, Sepp},
  journal={International Journal of Uncertainty, Fuzziness and Knowledge-Based Systems},
  volume={6},
  number={02},
  pages={107--116},
  year={1998},
  publisher={World Scientific}
}







@inproceedings{malhotra2015long,
	title={Long short term memory networks for anomaly detection in time series},
	author={Malhotra, Pankaj and Vig, Lovekesh and Shroff, Gautam and Agarwal, Puneet},
	booktitle={Proceedings},
	pages={89},
	year={2015},
	organization={Presses universitaires de Louvain}
}

@inproceedings{bontemps2016collective,
	title={Collective anomaly detection based on long short-term memory recurrent neural networks},
	author={Bontemps, Lo{\"\i}c and McDermott, James and Le-Khac, Nhien-An and others},
	booktitle={International Conference on Future Data and Security Engineering},
	pages={141--152},
	year={2016},
	organization={Springer}
}

@article{srivastava2008credit,
  title={Credit card fraud detection using hidden Markov model},
  author={Srivastava, Abhinav and Kundu, Amlan and Sural, Shamik and Majumdar, Arun},
  journal={IEEE Transactions on dependable and secure computing},
  volume={5},
  number={1},
  pages={37--48},
  year={2008},
  publisher={IEEE}
}

@inproceedings{hawkins2002outlier,
  title={Outlier detection using replicator neural networks},
  author={Hawkins, Simon and He, Hongxing and Williams, Graham and Baxter, Rohan},
  booktitle={International Conference on Data Warehousing and Knowledge Discovery},
  pages={170--180},
  year={2002},
  organization={Springer}
}

@inproceedings{belagiannis2015robust,
  title={Robust optimization for deep regression},
  author={Belagiannis, Vasileios and Rupprecht, Christian and Carneiro, Gustavo and Navab, Nassir},
  booktitle={Proceedings of the IEEE International Conference on Computer Vision},
  pages={2830--2838},
  year={2015}
}

@article{black1996unification,
  title={On the unification of line processes, outlier rejection, and robust statistics with applications in early vision},
  author={Black, Michael J and Rangarajan, Anand},
  journal={International Journal of Computer Vision},
  volume={19},
  number={1},
  pages={57--91},
  year={1996},
  publisher={Springer}
}

@article{langkvist2014review,
  title={A review of unsupervised feature learning and deep learning for time-series modeling},
  author={L{\"a}ngkvist, Martin and Karlsson, Lars and Loutfi, Amy},
  journal={Pattern Recognition Letters},
  volume={42},
  pages={11--24},
  year={2014},
  publisher={Elsevier}
}

@Article{romero:16,
  author = 	 {A. Romero and Y. Lage and S. Soua and B. Wang and T.H. Gan},
  title = 	 {Vestas V90-3MW Wind Turbine Gearbox Health Assessment Using a Vibration-Based Condition Monitoring System},
  journal =  {Hindawi Publishing Corporation},
  year = 	 {2016},
  volume = 	 {2016},
  number = 	 {6423587},
  pages = 	 {1--18}}

@Article{ouyang:17,
  author = 	 {Tinghui Ouyang and Andrew Kusiak and Yusen He},
  title = 	 {Modeling Wind-Turbine Power Curve: A data Partitioning and Mining Approach},
  journal =  {Renewable Energy},
  year = 	 {2017},
  volume = 	 {2016},
  number = 	 {102},
  pages = 	 {1--8}}